%% This BibTeX bibliography file was created using BibDesk.
%% http://bibdesk.sourceforge.net/

%% Created for charlesm at 2017-08-14 14:56:53 +0200 


%% Saved with string encoding Unicode (UTF-8) 


@preamble{" \newcommand{\noop}[1]{} "}



@manual{minpack:1980,
	Address = {9700 South Cass Avenue, Argonne, Illinois 60439},
	Author = {Jorge J. More, Burton S. Garbow, Kenneth E. Hillstrom},
	Date-Added = {2017-08-14 12:56:36 +0000},
	Date-Modified = {2017-08-14 12:56:50 +0000},
	Month = {August},
	Organization = {Argonne National Laboratory},
	Title = {User Guide for MINPACK-1},
	Year = {1980}}

@incollection{Powell:1970,
	Author = {Powell, Michael J. D.},
	Booktitle = {Numerical Methods for Nonlinear Algebraic Equations},
	Date-Added = {2017-08-14 12:41:44 +0000},
	Date-Modified = {2017-08-14 12:54:35 +0000},
	Editor = {Rabinowitz, P.},
	Publisher = {Gordon and Breach},
	Title = {A Hybrid Method for Nonlinear Equations},
	Year = {1970}}

@inproceedings{PiironenVehtari:2016,
	Author = {Piironen, Juho and Vehtari, Aki},
	Booktitle = {Machine Learning for Signal Processing (MLSP), 2016 IEEE 26th International Workshop on},
	Note = {doi:10.1109/MLSP.2016.7738829},
	Organization = {IEEE},
	Title = {Projection predictive model selection for {Gaussian} processes},
	Year = 2016}

@article{AhnertMulansky:2011,
	Author = {Ahnert, Karsten and Mulansky, Mario},
	Journal = {arXiv},
	Title = {Odeint---solving ordinary differential equations in {C}++},
	Volume = {1110.3397},
	Year = {2011}}

@article{DormandPrince:1980,
	Author = {Dormand, John R and Prince, Peter J},
	Journal = {Journal of Computational and Applied Mathematics},
	Number = {1},
	Pages = {19--26},
	Title = {A family of embedded {R}unge-{K}utta formulae},
	Volume = {6},
	Year = {1980}}

@article{CohenHindmarsh:1996,
	Author = {Cohen, Scott D and Hindmarsh, Alan C},
	Journal = {Computers in Physics},
	Number = {2},
	Pages = {138--143},
	Title = {{CVODE}, a stiff/nonstiff {ODE} solver in {C}},
	Volume = {10},
	Year = {1996}}

@inproceedings{SerbanHindmarsh:2005,
	Author = {Serban, Radu and Hindmarsh, Alan C},
	Booktitle = {ASME 2005 International Design Engineering Technical Conferences and Computers and Information in Engineering Conference},
	Organization = {American Society of Mechanical Engineers},
	Pages = {257--269},
	Title = {{CVODES}: the sensitivity-enabled {ODE} solver in {SUNDIALS}},
	Year = {2005}}

@article{HoetingEtAl:1999,
	Author = {Hoeting, Jennifer A. and Madigan, David and Raftery, Adrian E and Volinsky, Chris T.},
	Journal = {Statistical Science},
	Number = {4},
	Pages = {382--417},
	Title = {Bayesian model averaging: a tutorial},
	Volume = {14},
	Year = {1999}}

@article{Marsaglia:1972,
	Author = {Marsaglia, George},
	Journal = {The Annals of Mathematical Statistics},
	Number = {2},
	Pages = {645--646},
	Title = {Choosing a point from the surface of a sphere},
	Volume = {43},
	Year = {1972}}

@book{HopcroftMotwani:2006,
	Author = {Hopcroft, John E. and Rajeev Motwani},
	Edition = {3rd},
	Publisher = {Pearson Education},
	Title = {Introduction to Automata Theory, Languages, and Computation},
	Year = {2006}}

@article{Church:1936,
	Author = {Church, Alonzo},
	Journal = {American Journal of Mathematics},
	Pages = {345--363},
	Title = {An unsolvable problem of elementary number theory},
	Year = {1936}}

@article{turing:1936,
	Author = {Turing, Alan Mathison},
	Journal = {J. of Math},
	Number = {345-363},
	Pages = {5},
	Title = {On computable numbers, with an application to the {E}ntscheidungsproblem},
	Volume = {58},
	Year = {1936}}

@article{Kucukelbir:2015,
	Author = {Alp Kucukelbir and Rajesh Ranganath and Andrew Gelman and David M. Blei},
	Journal = {arXiv},
	Title = {Automatic Variational Inference in {S}tan},
	Url = {\url{http://arxiv.org/abs/1506.03431}},
	Volume = {1506.03431},
	Year = {2015},
	Bdsk-Url-1 = {http://arxiv.org/abs/1506.03431}}

@article{Jordan:1999,
	Author = {Jordan, Michael I and Ghahramani, Zoubin and Jaakkola, Tommi S and Saul, Lawrence K},
	Journal = {Machine Learning},
	Number = {2},
	Pages = {183--233},
	Publisher = {Springer},
	Title = {An introduction to variational methods for graphical models},
	Volume = {37},
	Year = {1999}}

@article{Wainwright-Jordan:2008,
	Author = {Wainwright, Martin J and Jordan, Michael I},
	Journal = {Foundations and Trends in Machine Learning},
	Number = {1-2},
	Pages = {1--305},
	Title = {Graphical models, exponential families, and variational inference},
	Volume = {1},
	Year = {2008}}

@article{Hoffman:2013,
	Author = {Hoffman, Matthew D and Blei, David M and Wang, Chong and Paisley, John},
	Journal = {The Journal of Machine Learning Research},
	Number = {1},
	Pages = {1303--1347},
	Title = {Stochastic variational inference},
	Volume = {14},
	Year = {2013}}

@book{Bishop:2006,
	Author = {Bishop, Christopher M},
	Publisher = {Springer New York},
	Title = {Pattern Recognition and Machine Learning},
	Year = {2006}}

@article{Duchi:2011,
	Author = {Duchi, John and Hazan, Elad and Singer, Yoram},
	Journal = {The Journal of Machine Learning Research},
	Pages = {2121--2159},
	Title = {Adaptive subgradient methods for online learning and stochastic optimization},
	Volume = {12},
	Year = {2011}}

@article{Zellner:1962,
	Author = {Arnold Zellner},
	Journal = {Journal of the American Statistical Association},
	Pages = {348--368},
	Title = {An efficient method of estimating seemingly unrelated regression equations and tests for aggregation bias},
	Volume = {57},
	Year = {1962}}

@book{Greene:2011,
	Author = {William H. Greene},
	Edition = {7th},
	Publisher = {Prentice-Hall},
	Title = {Econometric Analysis},
	Year = {2011}}

@techreport{CordenKreitzer:2014,
	Author = {Martyn J. Corden and David Kreitzer},
	Institution = {Intel Corporation},
	Title = {Consistency of Floating-Point Results using the {I}ntel Compiler or {W}hy doesn't my application always give the same answer?},
	Url = {https://software.intel.com/en-us/articles/consistency-of-floating-point-results-using-the-intel-compiler},
	Year = {2014},
	Bdsk-Url-1 = {https://software.intel.com/en-us/articles/consistency-of-floating-point-results-using-the-intel-compiler}}

@article{LangfordEtAl:2009,
	Author = {John Langford and Lihong Li and Tong Zhang},
	Journal = {Journal of Machine Learning Research},
	Pages = {777--801},
	Title = {Sparse online learning via truncated gradient},
	Volume = {10},
	Year = {2009}}

@book{LeeWagenmakers:2013,
	Author = {Michael D. Lee and Eric-Jan Wagenmakers},
	Publisher = {Cambridge University Press},
	Title = {Bayesian Cognitive Modeling: A Practical Course},
	Year = {2013}}

@book{Kruschke:2014,
	Author = {John Kruschke},
	Edition = {2nd},
	Publisher = {Academic Press},
	Title = {Doing Bayesian Data Analysis: A Tutorial with R, JAGS, and Stan},
	Year = {2014}}

@book{Chacon:2014,
	Author = {Scott Chacon and Ben Straub},
	Edition = {2nd},
	Publisher = {Apress},
	Title = {Pro Git},
	Year = {2014}}

@misc{Driessen:2010,
	Author = {Vincent Driessen},
	Note = {Online, accessed 6-January-2015},
	Title = {A successful {G}it branching model},
	Url = {http://nvie.com/posts/a-successful-git-branching-model/},
	Year = {2010},
	Bdsk-Url-1 = {http://nvie.com/posts/a-successful-git-branching-model/}}

@techreport{RProject:2014,
	Author = {{R Project}},
	Date = {December 15, 2014},
	Institution = {The R Foundation for Statistical Computing},
	Note = {\url{www.r-project.org/doc/R-FDA.pdf}},
	Title = {{R}: Regulatory Compliance and Validation Issues; A Guidance Document for the Use of {R} in Regulated Clinical Trial Environments},
	Year = {2014}}

@book{HastieTibshiraniFriedman:2009,
	Address = {New York},
	Author = {Trevor Hastie and Robert Tibshirani and Jerome Friedman},
	Edition = {Second},
	Publisher = {Springer-Verlag},
	Title = {The Elements of Statistical Learning: Data Mining, Inference, and Prediction},
	Year = {2009}}

@article{RobertsEtAl:1997,
	Author = {Roberts, G.O. and Andrew Gelman and Walter R. Gilks},
	Journal = {Annals of Applied Probability},
	Number = {1},
	Pages = {110--120},
	Title = {Weak convergence and optimal scaling of random walk {M}etropolis algorithms},
	Volume = {7},
	Year = {1997}}

@article{ChungEtAl:2013,
	Author = {Chung, Yeojin and Rabe-Hesketh, Sophia and Dorie, Vincent and Gelman, Andrew and Liu, Jingchen},
	Journal = {Psychometrika},
	Number = {4},
	Pages = {685--709},
	Title = {A nondegenerate penalized likelihood estimator for variance parameters in multilevel models},
	Volume = {78},
	Year = {2013}}

@article{GelmanJakulinPittauEtAl:2008,
	Author = {Andrew Gelman and Aleks Jakulin and Maria Grazia Pittau and Yu-Sung Su},
	Journal = {Annals of Applied Statistics},
	Number = {4},
	Pages = {1360--1383},
	Title = {A weakly informative default prior distribution for logistic and other regression models},
	Volume = {2},
	Year = {2008}}

@article{Gelman:2006,
	Author = {Gelman, A.},
	Journal = {Bayesian Analysis},
	Number = {3},
	Pages = {515--534},
	Title = {Prior distributions for variance parameters in hierarchical models},
	Volume = {1},
	Year = {2006}}

@book{LunnEtAl:2012,
	Author = {David Lunn and Christopher Jackson and Nicky Best and Andrew Thomas and David Spiegelhalter},
	Publisher = {CRC Press/Chapman \& Hall},
	Title = {The {BUGS} Book: A Practical Introduction to {B}ayesian Analysis},
	Year = {2012}}

@article{EfronMorris:1975,
	Author = {Efron, B. and Morris, C.},
	Journal = {Journal of the American Statistical Association},
	Pages = {311--319},
	Title = {Data analysis using Stein's estimator and its generalizations},
	Volume = {70},
	Year = {1975}}

@book{NocedalWright:2006,
	Address = {Berlin},
	Author = {Jorge Nocedal and Stephen J.~Wright},
	Edition = {Second},
	Publisher = {Springer-{V}erlag},
	Title = {Numerical Optimization},
	Year = {2006}}

@article{ZyczkowskiSommers:2001,
	Author = {Zyczkowski, K. and Sommers, H.J.},
	Journal = {Journal of Physics A: Mathematical and General},
	Number = {35},
	Pages = {7111},
	Publisher = {IOP Publishing},
	Title = {Induced measures in the space of mixed quantum states},
	Volume = {34},
	Year = {2001}}

@article{aguilar-west:2000,
	Author = {Aguilar, Omar and West, Mike},
	Journal = {Journal of Business \& Economic Statistics},
	Number = {3},
	Pages = {338--357},
	Publisher = {Taylor \& Francis},
	Title = {Bayesian dynamic factor models and portfolio allocation},
	Volume = {18},
	Year = {2000}}

@inproceedings{Airoldi:2009,
	Author = {Airoldi, E. and Blei, D. and Fienberg, S. and Xing, E.},
	Booktitle = {Neural Information Processing Systems},
	Date-Added = {2008-12-20 13:05:43 -0500},
	Date-Modified = {2008-12-31 10:06:13 -0500},
	Keywords = {graphs},
	Title = {Mixed Membership Stochastic Blockmodels},
	Year = {2009}}

@inproceedings{Akaike:1973,
	Address = {Budapest},
	Author = {Akaike, H.},
	Booktitle = {Proceedings of the Second International Symposium on Information Theory},
	Editor = {B. N. Petrov and F. Csaki},
	Note = {Reprinted in Breakthroughs in Statistics (pages 610--624), edited by S. Kotz, published by Springer-Verlag, New York in 1992},
	Pages = {267--281},
	Publisher = {Akademiai Kiado},
	Title = {Information theory and an extension of the maximum likelihood principle},
	Year = {1973}}

@article{AlbertChib:1993,
	Author = {Albert, J. H. and Chib, S.},
	Journal = {Journal of the American Statistical Association},
	Pages = {669--679},
	Title = {Bayesian analysis of binary and polychotomous response data},
	Volume = {88},
	Year = {1993}}

@article{Andrieu:2008,
	Author = {Andrieu, C. and Thoms, J.},
	Journal = {Statistics and Computing},
	Number = {4},
	Pages = {343--373},
	Publisher = {Springer},
	Title = {A tutorial on adaptive {MCMC}},
	Volume = {18},
	Year = {2008}}

@article{Betancourt:2016,
	Author = {Betancourt, Michael},
	Journal = {arXiv},
	Title = {Identifying the Optimal Integration Time in {H}amiltonian {M}onte {C}arlo},
	Url = {https://arxiv.org/abs/1601.00225},
	Volume = {1601.00225},
	Year = {2016},
	Bdsk-Url-1 = {https://arxiv.org/abs/1601.00225}}

@article{Betancourt:2016b,
	Author = {Betancourt, Michael},
	Journal = {arXiv},
	Title = {Diagnosing Suboptimal Cotangent Disintegrations in {H}amiltonian {M}onte {C}arlo},
	Url = {https://arxiv.org/abs/1604.00695},
	Volume = {1604.00695},
	Year = {2016},
	Bdsk-Url-1 = {https://arxiv.org/abs/1604.00695}}

@article{Betancourt:2012,
	Author = {Betancourt, Michael},
	Journal = {arXiv},
	Title = {A General Metric for {R}iemannian Manifold {H}amiltonian {M}onte {C}arlo},
	Url = {\url{http://arxiv.org/abs/1212.4693}},
	Volume = {1212.4693},
	Year = {2012},
	Bdsk-Url-1 = {http://arxiv.org/abs/1212.4693}}

@article{Betancourt:2010,
	Author = {Betancourt, Michael},
	Journal = {arXiv},
	Title = {Cruising The Simplex: {H}amiltonian {M}onte {C}arlo and the {D}irichlet Distribution},
	Url = {\url{http://arxiv.org/abs/1010.3436}},
	Volume = {1010.3436},
	Year = {2010},
	Bdsk-Url-1 = {http://arxiv.org/abs/1010.3436}}

@article{Betancourt-Girolami:2013,
	Author = {Betancourt, Michael and Girolami, Mark},
	Journal = {arXiv},
	Title = {{H}amiltonian {M}onte {C}arlo for Hierarchical Models},
	Url = {\url{http://arxiv.org/abs/1312.0906}},
	Volume = {1312.0906},
	Year = {2013},
	Bdsk-Url-1 = {http://arxiv.org/abs/1312.0906}}

@article{Betancourt-Stein:2011,
	Author = {Betancourt, Michael and Stein, Leo C.},
	Journal = {arXiv},
	Title = {The Geometry of {H}amiltonian {M}onte {C}arlo},
	Url = {\url{http://arxiv.org/abs/1112.4118}},
	Volume = {1112.4118},
	Year = {2011},
	Bdsk-Url-1 = {http://arxiv.org/abs/1112.4118}}

@article{BleiNgJordan:2003,
	Author = {Blei, David M. and Ng, Andrew Y. and Jordan, Michael I.},
	Journal = {Journal of Machine Learning Research},
	Pages = {993--1022},
	Title = {Latent {D}irichlet Allocation},
	Volume = {3},
	Year = {2003}}

@article{BleiLafferty:2007,
	Author = {Blei, David M. and Lafferty, John D.},
	Journal = {The Annals of Applied Statistics},
	Number = {1},
	Pages = {17--37},
	Title = {A Correlated Topic Model of \emph{{S}cience}},
	Volume = {1},
	Year = {2007}}

@article{Blurton2012,
	Author = {Blurton, Steven P. and Kesselmeier, Miriam and Gondan, Matthias},
	Doi = {10.1016/j.jmp.2012.09.002},
	Journal = {Journal of Mathematical Psychology},
	Number = {6},
	Pages = {470-475},
	Title = {Fast and accurate calculations for cumulative first-passage time distributions in {Wiener} diffusion models},
	Volume = {56},
	Year = {2012},
	Bdsk-Url-1 = {http://dx.doi.org/10.1016/j.jmp.2012.09.002}}

@misc{Boost:2011,
	Author = {Sch\"aling, Boris},
	Howpublished = {\url{http://en.highscore.de/cpp/boost/}},
	Isbn = {9780982219195},
	Publisher = {XML Press},
	Title = {The {B}oost {C++} Libraries.},
	Year = {2011}}

@article{BowlingEtAl:2009,
	Author = {Bowling, Shannon R. and Khasawneh, Mohammad T. and Kaewkuekool, Sittichai and Cho, Byung Rae},
	Journal = {Journal of Industrial Engineering and Management},
	Number = {1},
	Pages = {114--127},
	Title = {A logistic approximation to the cumulative normal distribution},
	Volume = {2},
	Year = {2009}}

@techreport{ChungRabe-HeskethGelman:2011,
	Author = {Chung, Yeojin and Rabe-Hesketh, Sophia and Gelman, Andrew and Dorie, Vincent and Liu, Jinchen},
	Date-Added = {2011-10-11 09:19:22 -0400},
	Date-Modified = {2011-10-11 09:20:18 -0400},
	Title = {Avoiding Boundary Estimates in Linear Mixed Models Through Weakly Informative Priors},
	Year = {2011}}

@incollection{Clayton:1992,
	Author = {Clayton, D. G.},
	Booktitle = {Statistical Models for Longitudinal Studies of Exposure and Health},
	Editor = {Dwyer, James H. and Feinleib, Manning and Lippert, Peter and Hoffmeister, Hans},
	Location = {New York},
	Pages = {301--331},
	Publisher = {Oxford University Press},
	Title = {Models for the analysis of cohort and case-control studies with inaccurately measured exposures},
	Year = {1992}}

@book{Congdon:2003,
	Author = {Congdon, Peter},
	Isbn = {9780470864227},
	Location = {London},
	Publisher = {Wiley},
	Series = {Wiley Series in Probability and Statistics},
	Title = {Applied Bayesian Modelling},
	Year = {2003}}

@book{Congdon:2005,
	Author = {Congdon, Peter},
	Isbn = {9780470092385},
	Publisher = {Wiley},
	Series = {Wiley Series in Probability and Statistics},
	Title = {Bayesian Models for Categorical Data},
	Year = {2005}}

@book{Congdon:2007,
	Author = {Congdon, Peter},
	Edition = {Second},
	Isbn = {9780470035931},
	Publisher = {Wiley},
	Series = {Wiley Series in Probability and Statistics},
	Title = {Bayesian Statistical Modelling},
	Year = {2007}}

@book{Congdon:2010,
	Author = {Congdon, Peter},
	Isbn = {9781584887218},
	Publisher = {Chapman and Hall/CRC},
	Title = {Applied Bayesian Hierarchical Modeling},
	Year = {2010}}

@article{CookGelmanRubin:2006,
	Author = {Cook, Samantha R. and Gelman, Andrew and Rubin, Donald B},
	Doi = {10.1198/106186006X136976},
	Eprint = {http://amstat.tandfonline.com/doi/pdf/10.1198/106186006X136976},
	Journal = {Journal of Computational and Graphical Statistics},
	Number = {3},
	Pages = {675--692},
	Title = {Validation of Software for {B}ayesian Models Using Posterior Quantiles},
	Url = {\url{http://amstat.tandfonline.com/doi/abs/10.1198/106186006X136976}},
	Volume = {15},
	Year = {2006},
	Bdsk-Url-1 = {http://amstat.tandfonline.com/doi/abs/10.1198/106186006X136976},
	Bdsk-Url-2 = {http://dx.doi.org/10.1198/106186006X136976}}

@article{Cormack:1964,
	Author = {Cormack, R.~M.},
	Journal = {Biometrika},
	Number = {3/4},
	Pages = {429--438},
	Title = {Estimates of survival from the sighting of marked animals},
	Volume = {51},
	Year = {1964}}

@article{Jolly:1965,
	Author = {Jolly, G.~M.},
	Journal = {Biometrika},
	Number = {1/2},
	Pages = {225--247},
	Title = {Explicit estimates from capture-recapture data with both death and immigration-stochastic model},
	Volume = {52},
	Year = {1965}}

@article{Seber:1965,
	Author = {Seber, G.~A.~F.},
	Journal = {Biometrika},
	Number = {1/2},
	Pages = {249--259},
	Title = {A note on the multiple-recapture census},
	Volume = {52},
	Year = {1965}}

@article{Curtis:2010,
	Author = {Curtis, S.~McKay},
	Journal = {Journal of Statistical Software},
	Number = {1},
	Pages = {1--34},
	Publisher = {American Statistical Association},
	Title = {{BUGS} code for Item Response Theory},
	Volume = {36},
	Year = {2010}}

@techreport{DaumeIII:2007,
	Author = {Daum{\'e}, III, Hal},
	Institution = {University of Utah},
	Title = {{HBC}: Hierarchical {B}ayes Compiler},
	Url = {\url{http://hal3.name/HBC}},
	Year = {2007},
	Bdsk-Url-1 = {http://hal3.name/HBC}}

@article{DawidSkene:1979,
	Author = {Dawid, A.~P. and Skene, A.~M.},
	Journal = {Journal of the Royal Statistical Society. Series C (Applied Statistics)},
	Number = {1},
	Pages = {20--28},
	Title = {Maximum likelihood estimation of observer error-rates using the {EM} algorithm},
	Volume = {28},
	Year = {1979}}

@article{dempster-et-al:1977,
	Author = {Dempster, A.~P. and Laird, N.~M. and Rubin, D.~B.},
	Journal = {Journal of the Royal Statistical Society. Series B (Methodological)},
	Number = {1},
	Pages = {1--38},
	Title = {Maximum likelihood from incomplete data via the {EM} algorithm},
	Volume = {39},
	Year = {1977}}

@misc{Doxygen:2011,
	Author = {van~Heesch, Dimitri},
	Howpublished = {\url{http://www.stack.nl/~dimitri/doxygen/index.html}},
	Title = {Doxygen: Generate Documentation from Source Code},
	Year = {2011}}

@article{Duane:1987,
	Author = {Duane, AD and Kennedy, A. and Pendleton, B. and Roweth, D.},
	Journal = {Physics Letters {B}},
	Number = {2},
	Pages = {216--222},
	Publisher = {Elsevier},
	Title = {Hybrid {M}onte {C}arlo},
	Volume = {195},
	Year = {1987}}

@book{DurbinKoopman:2001,
	Address = {New York},
	Author = {Durbin, J. and Koopman, S. J.},
	Publisher = {Oxford University Press},
	Title = {Time Series Analysis by State Space Methods},
	Year = {2001}}

@article{Engle:1982,
	Author = {Engle, Robert F.},
	Journal = {Econometrica},
	Pages = {987--1008},
	Title = {Autoregressive Conditional Heteroscedasticity with Estimates of Variance of {U}nited {K}ingdom Inflation},
	Volume = {50},
	Year = {1982}}

@article{EddelbuettelFrancois:2011,
	Author = {Eddelbuettel, Dirk and Fran\c{c}ois, Romain},
	Journal = {Journal of Statistical Software},
	Number = {8},
	Pages = {1--18},
	Title = {{Rcpp}: Seamless {R} and {C++} Integration},
	Url = {\url{http://www.jstatsoft.org/v40/i08/}},
	Volume = {40},
	Year = {2011},
	Bdsk-Url-1 = {http://www.jstatsoft.org/v40/i08/}}

@book{Efron:2012,
	Author = {Efron, Bradley},
	Publisher = {Cambridge Univesity Press},
	Series = {Institute of Mathematical Statistics Monographs},
	Title = {Large-Scale Inference: Empirical Bayes Methods for Estimation, Testing, and Prediction},
	Year = {2012}}

@misc{Eigen:2013,
	Author = {Guennebaud, Ga\"{e}l and Jacob, Beno\^{i}t and others},
	Howpublished = {\url{http://eigen.tuxfamily.org}},
	Title = {Eigen v3},
	Year = {2010}}

@book{FowlerEtAl:1999,
	Author = {Fowler, Martin and Beck, Kent and Brant, John and Opdyke, William and Roberts, Don},
	Publisher = {Addison-Wesley},
	Title = {Refactoring: Improving the Design of Existing Code},
	Year = {1999}}

@incollection{Gay:2005,
	Address = {New York},
	Author = {Gay, David M.},
	Booktitle = {Automatic Differentiation: Applications, Theory, and Implementations},
	Doi = {10.1007/3-540-28438-9_13},
	Editor = {B\"ucker, H.~Martin and Corliss, George F. and Hovland, Paul and Naumann, Uwe and Norris, Boyana},
	Isbn = {978-3-540-28403-1},
	Pages = {147--158},
	Publisher = {Springer},
	Series = {Lecture Notes in Computational Science and Engineering},
	Title = {Semiautomatic Differentiation for Efficient Gradient Computations},
	Volume = {50},
	Year = {2005},
	Bdsk-Url-1 = {http://dx.doi.org/10.1007/3-540-28438-9_13}}

@article{Gelman:2004,
	Author = {Andrew Gelman},
	Journal = {Journal of the American Statistical Association},
	Pages = {537--545},
	Title = {Parameterization and {B}ayesian Modeling},
	Volume = {99},
	Year = {2004}}

@book{GelmanEtAl:2013,
	Address = {London},
	Author = {Gelman, Andrew and Carlin, J.~B. and Stern, Hal S. and Dunson, David B. and Vehtari, Aki and Rubin, Donald B.},
	Edition = {Third},
	Publisher = {Chapman \&Hall/CRC Press},
	Title = {Bayesian Data Analysis},
	Year = {2013}}

@book{GelmanHill:2007,
	Address = {Cambridge, United Kingdom},
	Author = {Gelman, Andrew and Hill, Jennifer},
	Publisher = {Cambridge University Press},
	Title = {Data Analysis Using Regression and Multilevel-Hierarchical Models},
	Year = {2007}}

@article{GelmanRubin:1992,
	Author = {Gelman, Andrew and Rubin, Donald B.},
	Issn = {0883-4237},
	Journal = {Statistical Science},
	Number = {4},
	Pages = {457--472},
	Title = {Inference from iterative simulation using multiple sequences},
	Volume = {7},
	Year = {1992}}

@incollection{Geyer:2011,
	Author = {Charles J. Geyer},
	Booktitle = {Handbook of {M}arkov Chain {M}onte {C}arlo},
	Editor = {Brooks, Steve and Gelman, Andrew and Jones, Galin L. and Meng, Xiao-Li},
	Pages = {3--48},
	Publisher = {Chapman and Hall/CRC},
	Title = {Introduction to {M}arkov Chain {M}onte {C}arlo},
	Year = {2011}}

@techreport{Giesler:2000,
	Author = {Giesler, Gregg C.},
	Institution = {Los Alamos National Laboratory},
	Number = {LA-UR-00-2532},
	Title = {{MCNP} Software Quality: Then and Now},
	Year = {2000}}

@article{GirolamiCalderhead:2011,
	Author = {Girolami, Mark and Calderhead, Ben},
	Journal = {Journal of the Royal Statistical Society: Series B (Statistical Methodology)},
	Number = {2},
	Pages = {123--214},
	Title = {Riemann manifold {L}angevin and {H}amiltonian {M}onte {C}arlo methods},
	Volume = {73},
	Year = {2011}}

@misc{GoogleTest:2011,
	Author = {Google},
	Howpublished = {\url{http://code.google.com/p/googletest/}},
	Title = {Google {C++} Testing Framework},
	Year = {2011}}

@article{Hastings:1970,
	Author = {Hastings, W.~K.},
	Journal = {Biometrika},
	Number = {1},
	Pages = {97--109},
	Title = {Monte {C}arlo Sampling Methods Using {M}arkov Chains and Their Applications},
	Volume = {57},
	Year = {1970}}

@article{HoerlKennard:1970,
	Author = {Hoerl, Arthur E. and Kennard, Robert W.},
	Journal = {Technometrics},
	Number = {1},
	Pages = {55--67},
	Title = {Ridge regression: biased estimation for nonorthogonal problems},
	Volume = {12},
	Year = {1970}}

@article{Hoffman-Gelman:2011,
	Author = {Hoffman, Matthew D. and Gelman, Andrew},
	Journal = {arXiv},
	Title = {The No-{U}-Turn Sampler: Adaptively Setting Path Lengths in {H}amiltonian {M}onte {C}arlo},
	Url = {\url{http://arxiv.org/abs/1111.4246}},
	Volume = {1111.4246},
	Year = {2011},
	Bdsk-Url-1 = {http://arxiv.org/abs/1111.4246}}

@article{Hoffman-Gelman:2014,
	Author = {Hoffman, Matthew D. and Gelman, Andrew},
	Journal = {Journal of Machine Learning Research},
	Pages = {1593--1623},
	Title = {{T}he {N}o-{U}-{T}urn {S}ampler: {A}daptively {S}etting {P}ath {L}engths in {H}amiltonian {M}onte {C}arlo},
	Url = {\url{http://jmlr.org/papers/v15/hoffman14a.html}},
	Volume = {15},
	Year = {2014},
	Bdsk-Url-1 = {http://jmlr.org/papers/v15/hoffman14a.html}}

@inproceedings{Hoffman:2010,
	Author = {Hoffman, M.D. and Blei, D.M. and Cook, P.R.},
	Booktitle = {ICML},
	Location = {Haifa, Israel},
	Title = {{B}ayesian Nonparametric Matrix Factorization for Recorded Music},
	Year = {2010}}

@book{HuntThomas:99,
	Author = {Hunt, Andrew and Thomas, David},
	Publisher = {Addison-Wesley},
	Title = {The Pragmatic Programmer},
	Year = {1999}}

@inproceedings{JamesStein:1961,
	Author = {James, W. and Stein, Charles},
	Booktitle = {Proceedings of the Fourth Berkeley Symposium on Mathematical Statistics and Probability},
	Editor = {Jerzey Neyman},
	Pages = {361--379},
	Publisher = {University of California Press},
	Title = {Estimation with quadratic loss},
	Volume = {1},
	Year = {1961}}

@article{Jarret:1979,
	Author = {Jarrett, R.~G.},
	Journal = {Biometrika},
	Number = {1},
	Pages = {191--193},
	Publisher = {Biometrika Trust},
	Title = {A note on the intervals between coal-mining disasters},
	Volume = {66},
	Year = {1979}}

@article{KimShephardChib:1998,
	Author = {Kim, Sangjoon and Shephard, Neil and Chib, Siddhartha},
	Journal = {Review of Economic Studies},
	Pages = {361--393},
	Title = {Stochastic Volatility: Likelihood Inference and Comparison with {ARCH} Models},
	Volume = {65},
	Year = {1998}}

@article{Lambert:1992,
	Author = {Lambert, Diane},
	Journal = {Technometrics},
	Number = {1},
	Page = {1--14},
	Title = {Zero-Inflated {P}oisson Regression, With an Application to Defects in Manufacturing},
	Volume = {34},
	Year = {1992}}

@article{Lecuyer:1999,
	Author = {{L'Ecuyer}, Pierre},
	Journal = {Operations Research},
	Pages = {159--164},
	Title = {Good parameters and implementations for combined multiple recursive random number generators},
	Volume = {47},
	Year = {1999}}

@book{LeimkuhlerReich:2004,
	Author = {Benedict Leimkuhler and Sebastian Reich},
	Location = {Cambridge},
	Publisher = {Cambridge University Press},
	Title = {Simulating Hamiltonian Dynamics},
	Year = {2004}}

@article{LewandowskiKurowickaJoe:2009,
	Author = {Lewandowski, Daniel and Kurowicka, Dorota and Joe, Harry},
	Journal = {Journal of Multivariate Analysis},
	Pages = {1989--2001},
	Title = {Generating random correlation matrices based on vines and extended onion method},
	Volume = {100},
	Year = {2009}}

@article{Lincoln:1930,
	Author = {F.~C. Lincoln},
	Journal = {United States Department of Agriculture Circular},
	Pages = {1--4},
	Title = {Calculating Waterfowl Abundance on the Basis of Banding Returns},
	Volume = {118},
	Year = {1930}}

@manual{LunnEtAl:1999,
	Author = {Lunn, D. J. and Wakefield, J. and Thomas, A. and Best, N. and Spiegelhalter, D.},
	Note = {Dept. Epidemiology and Public Health, Imperial College School of Medicine, London},
	Title = {{PKB}ugs User Guide},
	Year = {1999}}

@book{McConnell:2004,
	Author = {McConnell, Steve},
	Edition = {Second},
	Publisher = {Microsoft Press},
	Title = {Code Complete: A Practical Handbook of Software Construction},
	Year = {2004}}

@article{Metropolis:1953,
	Author = {Metropolis, N. and Rosenbluth, A. and Rosenbluth, M. and Teller, M. and Teller, E.},
	Date-Modified = {2007-06-11 11:46:55 -0400},
	Journal = {Journal of Chemical Physics},
	Pages = {1087--1092},
	Title = {Equations of State Calculations by Fast Computing Machines},
	Volume = {21},
	Year = {1953}}

@article{MetropolisUlam:1949,
	Author = {Metropolis, Nicholas and Ulam, Stanislaw},
	Journal = {Journal of the American Statistical Association},
	Number = {247},
	Pages = {335--341},
	Title = {The {M}onte {C}arlo Method},
	Volume = {44},
	Year = {1949}}

@article{Neal:1994,
	Author = {Neal, Radford M.},
	Journal = {Journal of Computational Physics},
	Pages = {194--203},
	Title = {An improved acceptance procedure for the hybrid Monte Carlo algorithm},
	Volume = {111},
	Year = {1994}}

@article{Neal:1996b,
	Author = {Neal, Radford M.},
	Journal = {Statistics and Computing},
	Number = {4},
	Pages = {353--366},
	Title = {Sampling from multimodal distributions using tempered transitions},
	Volume = {6},
	Year = {1996}}

@techreport{Neal:1997,
	Author = {Neal, Radford M.},
	Institution = {University of Toronto, Department of Statistics},
	Number = {9702},
	Title = {Monte {C}arlo Implementation of {G}aussian Process Models for {B}ayesian Regression and Classification},
	Year = {1997}}

@article{Neal:2003,
	Author = {Neal, Radford M.},
	Journal = {Annals of Statistics},
	Number = {3},
	Pages = {705--767},
	Title = {Slice Sampling},
	Volume = {31},
	Year = {2003}}

@incollection{Neal:2011,
	Author = {Neal, Radford},
	Booktitle = {Handbook of {M}arkov Chain {M}onte {C}arlo},
	Editor = {Brooks, Steve and Gelman, Andrew and Jones, Galin L. and Meng, Xiao-Li},
	Pages = {116--162},
	Publisher = {Chapman and Hall/CRC},
	Title = {{MCMC} Using {H}amiltonian Dynamics},
	Year = {2011}}

@book{Neal:1996,
	Author = {Neal, Radford M.},
	Location = {New York},
	Number = {118},
	Publisher = {Springer},
	Series = {Lecture Notes in Statistics},
	Title = {Bayesian Learning for Neural Networks},
	Year = {1996}}

@article{Nesterov:2009,
	Author = {Nesterov, Y.},
	Journal = {Mathematical Programming},
	Number = {1},
	Pages = {221--259},
	Publisher = {Springer},
	Title = {Primal-dual subgradient methods for convex problems},
	Volume = {120},
	Year = {2009}}

@article{numpy:2011,
	Acmid = {1957466},
	Address = {Piscataway, NJ, USA},
	Author = {Walt, Stefan van der and Colbert, S.~Chris and Varoquaux, Gael},
	Doi = {\url{http://dx.doi.org/10.1109/MCSE.2011.37}},
	Issn = {1521-9615},
	Issue = {2},
	Issue_Date = {March 2011},
	Journal = {Computing in Science and Engg.},
	Month = {March},
	Numpages = {9},
	Pages = {22--30},
	Publisher = {IEEE Educational Activities Department},
	Title = {The NumPy Array: A Structure for Efficient Numerical Computation},
	Url = {\url{http://dx.doi.org/10.1109/MCSE.2011.37}},
	Volume = {13},
	Year = {2011},
	Bdsk-Url-1 = {http://dx.doi.org/10.1109/MCSE.2011.37},
	Bdsk-Url-2 = {%5Curl%7Bhttp://dx.doi.org/10.1109/MCSE.2011.37%7D}}

@article{papa-et-al:2007,
	Author = {Papaspiliopoulos, Omiros and Roberts, Gareth O. and Sk{\"o}ld, Martin},
	Journal = {Statistical Science},
	Number = {1},
	Pages = {59--73},
	Title = {A General Framework for the Parametrization of Hierarchical Models},
	Volume = {22},
	Year = {2007}}

@article{Petersen:1896,
	Author = {C.~G.~J. Petersen},
	Journal = {Report of the Danish Biological Station},
	Pages = {5--84},
	Title = {The Yearly Immigration of Young Plaice Into the {L}imfjord From the {G}erman {S}ea},
	Volume = {6},
	Year = {1896}}

@article{PinheiroBates:1996,
	Author = {Pinheiro, Jos{\'e} C. and Bates, Douglas M.},
	Journal = {Statistics and Computing},
	Pages = {289--296},
	Title = {Unconstrained Parameterizations for Variance-Covariance Matrices},
	Volume = {6},
	Year = {1996}}

@manual{PyMC:2014,
	Author = {Chris Fonnesbeck and Anand Patil and David Huard and John Salvatier},
	Note = {Version 2.3},
	Title = {PyMC User's Guide},
	Year = {2013}}

@manual{R:2014,
	Address = {Vienna, Austria},
	Author = {{R Development Core Team}},
	Note = {{ISBN} 3-900051-07-0},
	Organization = {R Foundation for Statistical Computing},
	Title = {R: A Language and Environment for Statistical Computing},
	Url = {\url{http://www.R-project.org}},
	Year = {2014},
	Bdsk-Url-1 = {http://www.R-project.org}}

@book{RasmussenWilliams:2006,
	Author = {Rasmussen, Carl Edward and Williams, Christopher K.~I.},
	Publisher = {MIT Press},
	Title = {Gaussian Processes for Machine Learning},
	Year = {2006}}

@article{RichardsonGilks:1993,
	Author = {Richardson, Sylvia and Gilks, Walter R.},
	Journal = {American Journal of Epidemiology},
	Number = {6},
	Pages = {430--442},
	Title = {A {B}ayesian approach to measurement error problems in epidemiology using conditional independence models},
	Volume = {138},
	Year = {1993}}

@article{Rnews:Plummer+Best+Cowles+Vines:2006,
	Author = {Plummer, Martyn and Best, Nicky and Cowles, Kate and Vines, Karen},
	Journal = {R News},
	Month = {March},
	Number = 1,
	Pages = {7--11},
	Pdf = {\url{http://CRAN.R-project.org/doc/Rnews/Rnews_2006-1.pdf}},
	Title = {{CODA}: Convergence Diagnosis and Output Analysis for {MCMC}},
	Url = {\url{http://CRAN.R-project.org/doc/Rnews/}},
	Volume = 6,
	Year = 2006,
	Bdsk-Url-1 = {http://CRAN.R-project.org/doc/Rnews/}}

@article{Rubin:1981,
	Author = {Rubin, Donald B.},
	Journal = {Journal of Educational Statistics},
	Pages = {377--401},
	Title = {Estimation in parallel randomized experiments},
	Volume = {6},
	Year = {1981}}

@phdthesis{Schofield:2007,
	Author = {Schofield, Matthew R.},
	School = {Department of of Statistics, University of Otago, Dunedin},
	Title = {Hierarchical Capture-Recapture Models},
	Year = {2007}}

@article{SmithSpiegelhalterThomas:1995,
	Author = {Smith, Teresa C. and Spiegelhalter, David J. and Thomas, Andrew},
	Journal = {Statistics in Medicine},
	Number = {24},
	Pages = {2685--2699},
	Title = {{B}ayesian approaches to random-effects meta-analysis: a comparative study},
	Volume = {14},
	Year = {1995}}

@article{SwendsenWang:1986,
	Author = {Swendsen, Robert H. and Wang, Jian-Sheng},
	Journal = {Physical Review Letters},
	Pages = {2607--2609},
	Title = {Replica {M}onte {C}arlo simulation of spin glasses},
	Volume = {57},
	Year = {1986}}

@article{Tibshirani:1996,
	Author = {Tibshirani, Robert},
	Journal = {Journal of the Royal Statistical Society, Series B},
	Number = {1},
	Pages = {267--288},
	Title = {Regression shrinkage and selection via the lasso},
	Volume = {58},
	Year = {1996}}

@techreport{TokudaGoodrichVanMechelen:2010,
	Author = {Tokuda, Tomoki and Goodrich, Ben and Van Mechelen, Iven and Gelman, Andrew and Tuerlinckx, Francis},
	Date-Added = {2011-10-11 09:21:36 -0400},
	Date-Modified = {2011-10-11 09:22:14 -0400},
	Institution = {Columbia University, Department of Statistics},
	Title = {Visualizing distributions of covariance matrices},
	Url = {\url{http://www.stat.columbia.edu/~gelman/research/unpublished/Visualization.pdf}},
	Year = {2010},
	Bdsk-Url-1 = {http://www.stat.columbia.edu/~gelman/research/unpublished/Visualization.pdf}}

@article{Vandekerckhove-Wabersich:2014,
	Author = {Joachim Vandekerckhove and Dominik Wabersich},
	Journal = {The R Journal},
	Title = {The {R}{W}iener package: an {R} package providing distribution functions for the {W}iener diffusion model},
	Url = {http://journal.r-project.org/archive/2014-1/vandekerckhove-wabersich.pdf},
	Volume = {6/1},
	Year = {2014},
	Bdsk-Url-1 = {http://journal.r-project.org/archive/2014-1/vandekerckhove-wabersich.pdf}}

@article{Vrugt:2009,
	Author = {Vrugt, J.A. and Ter Braak, C.J.F. and Gupta, H.V. and Robinson, B.A.},
	Journal = {Stochastic environmental research and risk assessment},
	Number = {7},
	Pages = {1011--1026},
	Publisher = {Springer},
	Title = {Equifinality of formal ({DREAM}) and informal ({GLUE}) {B}ayesian approaches in hydrologic modeling?},
	Volume = {23},
	Year = {2009}}

@article{WainwrightJordan:2008,
	Author = {Wainwright, M.~J. and Jordan, M.~I.},
	Journal = {Foundations and Trends in Machine Learning},
	Pages = {1--305},
	Title = {Graphical models, exponential families, and variational inference},
	Volume = {1},
	Year = {2008}}

@article{WarnThompsonSpiegelhalter:2002,
	Author = {Warn, David E. and Thompson, S.~G. and Spiegelhalter, David J.},
	Journal = {Statistics in Medicine},
	Pages = {1601--1623},
	Title = {{B}ayesian random effects meta-analysis of trials with binary outcomes: methods for the absolute risk difference and relative risk scales},
	Volume = {21},
	Year = {2002}}

@article{zhang-gp:2004,
	Author = {Zhang, Hao},
	Journal = {Journal of the American Statistical Association},
	Number = {465},
	Pages = {250--261},
	Publisher = {Taylor \& Francis},
	Title = {Inconsistent estimation and asymptotically equal interpolations in model-based geostatistics},
	Volume = {99},
	Year = {2004}}

@inproceedings{Zhang:2011,
	Author = {Zhang, Y. and Sutton, C.},
	Booktitle = {Advances in Neural Information Processing Systems 24 ({NIPS})},
	Title = {Quasi-{N}ewton Methods for {M}arkov Chain {M}onte {C}arlo},
	Year = {2011}}

@article{ZouHastie:2005,
	Author = {Zou, Hui and Hastie, Trevor},
	Journal = {Journal of the Royal Statistical Society, Series B},
	Number = {2},
	Pages = {301--320},
	Title = {Regularization and variable selection via the elastic net},
	Volume = {67},
	Year = {2005}}
